@article{friendly2010first,
    title = {{The first (known) statistical graph: Michael Florent van Langren and the “Secret” of Longitude}},
    author = {Friendly, Michael and Valero-Mora, Pedro and Ib{\'a}{\~n}ez Ulargui, Joaqu{\'\i}n},
    journal = {The American Statistician},
    volume = {64},
    number = {2},
    pages = {174--184},
    year = {2010},
    publisher = {Taylor \& Francis}
}
@book{tufte2001visual,
    title = {{The Visual Display of Quantitative Information}},
    author = {Tufte, Edward},
    year = {2001},
    publisher = {Cheshire: Graphic Press.--2001.--213 p}
}
@article{corbett2001charles,
    title = {{Charles Joseph Minard, Mapping Napoleon's March, 1861. CSISS Classics}},
    author = {Corbett, John},
    year = {2001}
}
@book{snow1855mode,
    title = {{On the mode of communication of cholera}},
    author = {Snow, John},
    year = {1855},
    publisher = {John Churchill}
}
@book{nightingale1858notes,
    title = {{Notes on Matters Affecting the Health, Efficiency and Hospital Administration of the British Army... by Florence Nightingale...}},
    author = {Nightingale, Florence},
    year = {1858},
    publisher = {Harrison and Sons}
}
@book{nightingale1859notes,
    title = {{Notes on Nursing: What it is, and what it is not}},
    author = {Nightingale, Florence},
    year = {1859},
    publisher = {Harrison}
}
@article{friendly2001milestones,
    title = {{Milestones in the history of thematic cartography, statistical graphics, and data visualization}},
    author = {Friendly, Michael and Denis, Daniel J},
    journal = {URL http://www. datavis. ca/milestones},
    volume = {32},
    pages = {13},
    year = {2001},
    publisher = {Citeseer}
}
@book{playfair1801commercial,
    title = {{The commercial and political atlas: representing, by means of stained copper-plate charts, the progress of the commerce, revenues, expenditure and debts of england during the whole of the eighteenth century}},
    author = {Playfair, William},
    year = {1801},
    publisher = {T. Burton}
}
@book{han2022data,
    title = {{Data mining: concepts and techniques}},
    author = {Han, Jiawei and Pei, Jian and Tong, Hanghang},
    year = {2022},
    publisher = {Morgan kaufmann}
}
@article{aigner2007visualizing,
    title = {{Visualizing time-oriented data—a systematic view}},
    author = {Aigner, Wolfgang and Miksch, Silvia and M{\"u}ller, Wolfgang and Schumann, Heidrun and Tominski, Christian},
    journal = {Computers \& Graphics},
    volume = {31},
    number = {3},
    pages = {401--409},
    year = {2007},
    publisher = {Elsevier}
}
@inproceedings{van2002image,
    title = {{Image based flow visualization}},
    author = {Van Wijk, Jarke J},
    booktitle = {Proceedings of the 29th annual conference on Computer graphics and interactive techniques},
    pages = {745--754},
    year = {2002}
}
@article{reinders2001visualization,
    title = {{Visualization of time-dependent data with feature tracking and event detection}},
    author = {Reinders, Freek and Post, Frits H and Spoelder, Hans JW},
    journal = {The Visual Computer},
    volume = {17},
    number = {1},
    pages = {55--71},
    year = {2001},
    publisher = {Springer}
}
@article{havre2002themeriver,
    title = {{Themeriver: Visualizing thematic changes in large document collections}},
    author = {Havre, Susan and Hetzler, Elizabeth and Whitney, Paul and Nowell, Lucy},
    journal = {IEEE transactions on visualization and computer graphics},
    volume = {8},
    number = {1},
    pages = {9--20},
    year = {2002},
    publisher = {IEEE}
}
@inproceedings{tominski2004axes,
    title = {{Axes-based visualizations with radial layouts}},
    author = {Tominski, Christian and Abello, James and Schumann, Heidrun},
    booktitle = {Proceedings of the 2004 ACM symposium on Applied computing},
    pages = {1242--1247},
    year = {2004}
}
@inproceedings{tominski20053d,
    title = {{3d information visualization for time dependent data on maps}},
    author = {Tominski, Christian and Schulze-Wollgast, Petra and Schumann, Heidrun},
    booktitle = {Ninth International Conference on Information Visualisation (IV'05)},
    pages = {175--181},
    year = {2005},
    organization = {IEEE}
}
@inproceedings{moere2004time,
    title = {{Time-varying data visualization using information flocking boids}},
    author = {Moere, Andrew Vande},
    booktitle = {IEEE Symposium on Information Visualization},
    pages = {97--104},
    year = {2004},
    organization = {IEEE}
}
@inproceedings{van1999cluster,
    title = {{Cluster and calendar based visualization of time series data}},
    author = {Van Wijk, Jarke J and Van Selow, Edward R},
    booktitle = {Proceedings 1999 IEEE Symposium on Information Visualization (InfoVis' 99)},
    pages = {4--9},
    year = {1999},
    organization = {IEEE}
}
@inproceedings{aigner2005planninglines,
    title = {{PlanningLines: novel glyphs for representing temporal uncertainties and their evaluation}},
    author = {Aigner, Wolfgang and Miksch, Silvia and Thurnher, Bettina and Biffl, Stefan},
    booktitle = {Ninth International Conference on Information Visualisation (IV'05)},
    pages = {457--463},
    year = {2005},
    organization = {IEEE}
}
@inproceedings{doleisch2004case,
    title = {{Case Study: Visual Analysis of Complex, Time-Dependent Simulation Results of a Diesel Exhaust System.}},
    author = {Doleisch, Helmut and Mayer, Michael and Gasser, Martin and Wanker, Roland and Hauser, Helwig},
    booktitle = {VisSym},
    pages = {91--96},
    year = {2004},
    organization = {Citeseer}
}
@book{longley2005geographic,
    title = {{Geographic information systems and science}},
    author = {Longley, Paul A and Goodchild, Michael F and Maguire, David J and Rhind, David W},
    year = {2005},
    publisher = {John Wiley \& Sons}
}
@incollection{nollenburg2007geographic,
    title = {{Geographic visualization}},
    author = {N{\"o}llenburg, Martin},
    booktitle = {Human-centered visualization environments},
    pages = {257--294},
    year = {2007},
    publisher = {Springer}
}
@article{andrienko2003exploratory,
    title = {{Exploratory spatio-temporal visualization: an analytical review}},
    author = {Andrienko, Natalia and Andrienko, Gennady and Gatalsky, Peter},
    journal = {Journal of Visual Languages \& Computing},
    volume = {14},
    number = {6},
    pages = {503--541},
    year = {2003},
    publisher = {Elsevier}
}
@inproceedings{andrienko2005visual,
    title = {Visual exploration of the spatial distribution of temporal behaviors},
    author = {Andrienko, Gennady and Andrienko, Natalia},
    booktitle = {Ninth International Conference on Information Visualisation (IV'05)},
    pages = {799--806},
    year = {2005},
    organization = {IEEE}
}
@article{kjellin2008evaluating,
    title = {Evaluating 2D and 3D visualizations of spatiotemporal information},
    author = {Kjellin, Andreas and Pettersson, Lars Winkler and Seipel, Stefan and Lind, Mats},
    journal = {ACM Transactions on Applied Perception (TAP)},
    volume = {7},
    number = {3},
    pages = {1--23},
    year = {2008},
    publisher = {ACM New York, NY, USA}
}
@article{hagerstrand_1970,
    title = {What about people in regional science?},
    volume = {24},
    DOI = {10.1007/bf01936872},
    number = {1},
    journal = {Papers of the Regional Science Association},
    author = {Hägerstrand, Torsten},
    year = {1970},
    pages = {6–21}
}
@inproceedings{kraak2003space,
    title = {The space-time cube revisited from a geovisualization perspective},
    author = {Kraak, Menno-Jan},
    booktitle = {Proc. 21st international cartographic conference},
    pages = {1988--1996},
    year = {2003},
    organization = {Citeseer}
}
@inproceedings{gatalsky2004interactive,
    title = {Interactive analysis of event data using space-time cube},
    author = {Gatalsky, Peter and Andrienko, Natalia and Andrienko, Gennady},
    booktitle = {Proceedings. Eighth International Conference on Information Visualisation, 2004. IV 2004.},
    pages = {145--152},
    year = {2004},
    organization = {IEEE}
}
@article{kraak2003geovisualization,
    title = {Geovisualization illustrated},
    author = {Kraak, Menno-Jan},
    journal = {ISPRS journal of photogrammetry and remote sensing},
    volume = {57},
    number = {5-6},
    pages = {390--399},
    year = {2003},
    publisher = {Elsevier}
}
@incollection{maceachren2005moving,
    title = {Moving geovisualization toward support for group work},
    author = {MacEachren, Alan M},
    booktitle = {Exploring geovisualization},
    pages = {445--461},
    year = {2005},
    publisher = {Elsevier}
}
@article{kraak2017narrative,
    title = {Narrative of the annotated Space--Time Cube--revisiting a historical event},
    author = {Kraak, Menno-Jan and Kveladze, Irma},
    journal = {Journal of maps},
    volume = {13},
    number = {1},
    pages = {56--61},
    year = {2017},
    publisher = {Taylor \& Francis}
}
@inproceedings{bach2014review,
    title = {A review of temporal data visualizations based on space-time cube operations},
    author = {Bach, Benjamin and Dragicevic, Pierre and Archambault, Daniel and Hurter, Christophe and Carpendale, Sheelagh},
    booktitle = {Eurographics conference on visualization},
    year = {2014}
}
@article{corbett2001torsten,
    title = {Torsten H{\"a}gerstrand, Time Geography. CSISS Classics},
    author = {Corbett, John},
    year = {2001}
}
@inproceedings{buard2011visual,
    title = {Visual exploration of large animal trajectories},
    author = {Buard, Elodie and Brasebin, Micka{\"e}l and IGN, S},
    booktitle = {25th International Cartographic Conference (ICC’11). ICC},
    pages = {7},
    year = {2011}
}
@article{demvsar2010space,
    title = {Space--time density of trajectories: exploring spatio-temporal patterns in movement data},
    author = {Dem{\v{s}}ar, Ur{\v{s}}ka and Virrantaus, Kirsi},
    journal = {International Journal of Geographical Information Science},
    volume = {24},
    number = {10},
    pages = {1527--1542},
    year = {2010},
    publisher = {Taylor \& Francis}
}
@inproceedings{kraak2005timelines,
    title = {Timelines, temporal resolution, temporal zoom and time geography},
    author = {Kraak, Menno-Jan},
    booktitle = {Proceedings 22nd International Cartographic Conference, A Coruna Spain},
    year = {2005},
    organization = {Citeseer}
}
@article{amini2014impact,
    title = {The impact of interactivity on comprehending 2D and 3D visualizations of movement data},
    author = {Amini, Fereshteh and Rufiange, S{\'e}bastien and Hossain, Zahid and Ventura, Quentin and Irani, Pourang and McGuffin, Michael J},
    journal = {IEEE transactions on visualization and computer graphics},
    volume = {21},
    number = {1},
    pages = {122--135},
    year = {2014},
    publisher = {IEEE}
}
@article{andrienko2011identifying,
    title = {Identifying place histories from activity traces with an eye to parameter impact},
    author = {Andrienko, Gennady and Andrienko, Natalia and Mladenov, Martin and Mock, Michael and Politz, Christian},
    journal = {IEEE Transactions on Visualization and Computer Graphics},
    volume = {18},
    number = {5},
    pages = {675--688},
    year = {2011},
    publisher = {IEEE}
}
@article{nakaya2010visualising,
    title = {Visualising crime clusters in a space-time cube: An exploratory data-analysis approach using space-time kernel density estimation and scan statistics},
    author = {Nakaya, Tomoki and Yano, Keiji},
    journal = {Transactions in GIS},
    volume = {14},
    number = {3},
    pages = {223--239},
    year = {2010},
    publisher = {Wiley Online Library}
}
@article{yusof2016interactive,
    title = {Interactive discovery of sequential patterns in time series of wind data},
    author = {Yusof, Norhakim and Zurita-Milla, Raul and Kraak, Menno-Jan and Retsios, Bas},
    journal = {International journal of geographical information science},
    volume = {30},
    number = {8},
    pages = {1486--1506},
    year = {2016},
    publisher = {Taylor \& Francis}
}
@article{purwanto2021spatiotemporal,
    title = {Spatiotemporal analysis of COVID-19 spread with emerging hotspot analysis and space--time cube models in East Java, Indonesia},
    author = {Purwanto, Purwanto and Utaya, Sugeng and Handoyo, Budi and Bachri, Syamsul and Astuti, Ike Sari and Utomo, Kresno Sastro Bangun and Aldianto, Yulius Eka},
    journal = {ISPRS International Journal of Geo-Information},
    volume = {10},
    number = {3},
    pages = {133},
    year = {2021},
    publisher = {MDPI}
}
@article{mo2020analysis,
    title = {An analysis of spatiotemporal pattern for COIVD-19 in China based on space-time cube},
    author = {Mo, Chunbao and Tan, Dechan and Mai, Tingyu and Bei, Chunhua and Qin, Jian and Pang, Weiyi and Zhang, Zhiyong},
    journal = {Journal of Medical Virology},
    volume = {92},
    number = {9},
    pages = {1587--1595},
    year = {2020},
    publisher = {Wiley Online Library}
}
@article{sen2022characterisation,
    title = {Characterisation of elderly daily travel behaviour in Tianjin using a space--time cube},
    author = {Sen, Zhang and Ke, Zhang and Xiaoyang, Liu and Jian, Zeng and Yan, Liu and Lian, Zhao},
    journal = {Environment and Planning B: Urban Analytics and City Science},
    volume = {49},
    number = {2},
    pages = {603--618},
    year = {2022},
    publisher = {Sage Publications Sage UK: London, England}
}
@article{fang2011constructing,
    title = {Constructing a near real-time space-time cube to depict urban ambient air pollution scenario},
    author = {Fang, Tianfang B and Lu, Yongmei},
    journal = {Transactions in GIS},
    volume = {15},
    number = {5},
    pages = {635--649},
    year = {2011},
    publisher = {Wiley Online Library}
}
@article{wagner2019evaluating,
    title = {Evaluating an immersive space-time cube geovisualization for intuitive trajectory data exploration},
    author = {Wagner Filho, Jorge A and Stuerzlinger, Wolfgang and Nedel, Luciana},
    journal = {IEEE transactions on visualization and computer graphics},
    volume = {26},
    number = {1},
    pages = {514--524},
    year = {2019},
    publisher = {IEEE}
}
@article{starek2013space,
    title = {Space-time cube representation of stream bank evolution mapped by terrestrial laser scanning},
    author = {Starek, Michael J and Mitasova, Helena and Wegmann, KW and Lyons, Nathan},
    journal = {IEEE Geoscience and Remote Sensing Letters},
    volume = {10},
    number = {6},
    pages = {1369--1373},
    year = {2013},
    publisher = {IEEE}
}
@article{kapler2005geotime,
    title = {Geotime information visualization},
    author = {Kapler, Thomas and Wright, William},
    journal = {Information visualization},
    volume = {4},
    number = {2},
    pages = {136--146},
    year = {2005},
    publisher = {SAGE Publications Sage UK: London, England}
}
@masterthesis{persson2020survey,
    title = {A survey of methods for visualizing spatio-temporal data},
    author = {Persson, Mattias},
    year = {2020}
}
@article{kristensson2008evaluation,
    title = {An evaluation of space time cube representation of spatiotemporal patterns},
    author = {Kristensson, Per Ola and Dahlback, Nils and Anundi, Daniel and Bjornstad, Marius and Gillberg, Hanna and Haraldsson, Jonas and Martensson, Ingrid and Nordvall, Mathias and Stahl, Josefine},
    journal = {IEEE Transactions on visualization and computer graphics},
    volume = {15},
    number = {4},
    pages = {696--702},
    year = {2008},
    publisher = {IEEE}
}
@article{kveladze2012we,
    title = {What do we know about the space-time cube from cartographic and usability perspective},
    author = {Kveladze, Irma and Kraak, Menno-Jan},
    journal = {Columbus, Ohio, USA: Proceedings of Autocarto},
    pages = {16--18},
    year = {2012}
}
@inproceedings{willems2011evaluation,
    title = {Evaluation of the visibility of vessel movement features in trajectory visualizations},
    author = {Willems, Niels and Van De Wetering, Huub and Van Wijk, Jarke J},
    booktitle = {Computer Graphics Forum},
    volume = {30},
    number = {3},
    pages = {801--810},
    year = {2011},
    organization = {Wiley Online Library}
}
@article{kjellin2010different,
    title = {Different levels of 3D: An evaluation of visualized discrete spatiotemporal data in space-time cubes},
    author = {Kjellin, Andreas and Pettersson, Lars Winkler and Seipel, Stefan and Lind, Mats},
    journal = {Information Visualization},
    volume = {9},
    number = {2},
    pages = {152--164},
    year = {2010},
    publisher = {SAGE Publications Sage UK: London, England}
}
@article{vrotsou20102d,
    title = {2D and 3D representations for feature recognition in time geographical diary data},
    author = {Vrotsou, Katerina and Forsell, Camilla and Cooper, Matthew},
    journal = {Information Visualization},
    volume = {9},
    number = {4},
    pages = {263--276},
    year = {2010},
    publisher = {SAGE Publications Sage UK: London, England}
}
@book{irish1838atlas,
    title = {Atlas to Accompany 2d Report of the Railway Commissioners, Ireland: Presented to Both Houses of Parliament by Command of His Majesty, 1838},
    author = {Irish Railway Commission},
    url = {https://books.google.ba/books?id=cpTdvQEACAAJ},
    year = {1838},
    publisher = {Irish Railway Commission}
}
@article{robinson19551837,
    title = {The 1837 maps of henry drury harness},
    author = {Robinson, Arthur H},
    journal = {The Geographical Journal},
    volume = {121},
    number = {4},
    pages = {440--450},
    year = {1955},
    publisher = {JSTOR}
}
@inproceedings{phan2005flow,
    title = {Flow map layout},
    author = {Phan, Doantam and Xiao, Ling and Yeh, Ron and Hanrahan, Pat},
    booktitle = {IEEE Symposium on Information Visualization, 2005. INFOVIS 2005.},
    pages = {219--224},
    year = {2005},
    organization = {IEEE}
}
@article{baptista2018internal,
    title = {Internal migration in Brazil using circular visualization},
    author = {Baptista, Emerson Augusto and Abel, Guy J and Campos, J{\'a}rvis},
    journal = {Regional Studies, Regional Science},
    volume = {5},
    number = {1},
    pages = {361--364},
    year = {2018},
    publisher = {Taylor \& Francis}
}
@inproceedings{rees2020interaction,
    title = {Interaction Techniques for Chord Diagrams},
    author = {Rees, Dylan and Laramee, Robert S and Brookes, Paul and D’Cruze, Tony},
    booktitle = {2020 24th International Conference Information Visualisation (IV)},
    pages = {28--37},
    year = {2020},
    organization = {IEEE}
}
@article{koeleman2017visualizing,
    title = {Visualizing Visions: Explorative Methods and Discovering the Rijksmuseum Digital Collection},
    author = {Koeleman, Floor},
    year = {2017}
}
@book{isaacson2017leonardo,
    title = {Leonardo da Vinci},
    author = {Isaacson, Walter},
    year = {2017},
    publisher = {Simon and Schuster}
}
@book{tomkins1999duchamp,
    title = {Duchamp},
    author = {Tomkins, Calvin and Berdagu{\'e}, M{\'o}nica Mart{\'\i}n},
    year = {1999},
    publisher = {Anagrama Barcelona}
}
@book{herrera1983frida,
    title = {Frida: a biography of Frida Kahlo},
    author = {Herrera, Hayden and Schraf, Kimberly},
    year = {1983},
    publisher = {Harper \& Row New York}
}
@online{lupi_buttignol,
    author = {Lupi, Giorgia and Buttignol, Michela},
    title = {{Visualizing Painters' Lives}},
    url = {http://giorgialupi.com/visualizing-painters-lives},
    note = {Last accessed: 17.02.2023}
}
@online{wyeth_2021,
    author = {Wyeth, Andrew},
    title = {{Timeline celebrating 100 years of Andrew Wyeth}},
    url = {https://andrewwyeth.com/timeline/},
    note = {Last accessed: 17.02.2023}
}
@online{intavia,
    author = {InTaVia},
    title = {{Overall aims}},
    url = {https://intavia.eu/overall-aims/},
    note = {Last accessed: 17.02.2023}
}
@inproceedings{windhager2017synoptic,
    title = {A synoptic visualization framework for the multi-perspective study of biography and prosopography data},
    author = {Windhager, Florian and Federico, Paolo and Salisu, Saminu and Schl{\"o}gl, Matthias and Mayr, Eva},
    booktitle = {Proceedings of the 2nd IEEE VIS Workshop on Visualization for the Digital Humanities (VIS4DH’17), Phoenix, AZ, USA},
    volume = {2},
    pages = {2017},
    year = {2017}
}
@article{mayr2018once,
    title = {Once upon a spacetime: Visual storytelling in cognitive and geotemporal information spaces},
    author = {Mayr, Eva and Windhager, Florian},
    journal = {ISPRS International Journal of Geo-Information},
    volume = {7},
    number = {3},
    pages = {96},
    year = {2018},
    publisher = {MDPI}
}
@inproceedings{windhager2017beyond,
    title = {Beyond One-Dimensional Portraits: A Synoptic Approach to the Visual Analysis of Biography Data.},
    author = {Windhager, Florian and Schl{\"o}gl, Matthias and Kaiser, Maximilian and Bern{\'a}d, {\'A}goston Z{\'e}n{\'o} and Salisu, Saminu and Mayr, Eva},
    booktitle = {BD},
    pages = {67--75},
    year = {2017}
}
@article{windhager2018visualization,
    title = {Visualization of cultural heritage collection data: State of the art and future challenges},
    author = {Windhager, Florian and Federico, Paolo and Schreder, G{\"u}nther and Glinka, Katrin and D{\"o}rk, Marian and Miksch, Silvia and Mayr, Eva},
    journal = {IEEE transactions on visualization and computer graphics},
    volume = {25},
    number = {6},
    pages = {2311--2330},
    year = {2018},
    publisher = {IEEE}
}
@article{windhager2020many,
    title = {Many Views Are Not Enough: Designing for Synoptic Insights in Cultural Collections.},
    author = {Windhager, Florian and Salisu, Saminu and Leite, Roger A and Filipov, Velitchko Andreev and Miksch, Silvia and Schreder, G{\"u}nther and Mayr, Eva},
    journal = {IEEE Computer Graphics and Applications},
    volume = {40},
    number = {3},
    pages = {58--71},
    year = {2020}
}
@online{google,
    author = {Google},
    title = {{Artists - Google Arts \& Culture}},
    url = {https://artsandculture.google.com/category/artist?tab=time},
    note = {Last accessed: 17.02.2023}
}
@online{britishmuseumworld,
    author = {The British Museum},
    title = {{The Museum of the World}},
    url = {https://britishmuseum.withgoogle.com/},
    note = {Last accessed: 17.02.2023}
}
@article{simon2016peripleo,
    title = {{Peripleo: a tool for exploring heterogenous data through the dimensions of space and time}},
    author = {Simon, Rainer and Isaksen, Leif and Barker, Elton TE and de Soto Ca{\~n}amares, Pau},
    year = {2016},
    publisher = {Code4Lib}
}
@online{moma,
    author = {MoMA},
    title = {{MoMA | Inventing abstraction}},
    url = {https://www.moma.org/interactives/exhibitions/2012/inventingabstraction/?page=connections},
    note = {Last accessed: 17.02.2023}
}
@inproceedings{windhager2016reframing,
    title = {Reframing Cultural Heritage Collections in a Visualization Framework of Space-Time Cubes.},
    author = {Windhager, Florian and Mayr, Eva and Schreder, G{\"u}nther and Smuc, Michael and Federico, Paolo and Miksch, Silvia},
    booktitle = {HistoInformatics@ DH},
    pages = {20--24},
    year = {2016}
}
@article{windhager2018orchestrating,
    title = {Orchestrating overviews: A synoptic approach to the visualization of cultural collections},
    author = {Windhager, Florian and Salisu, Saminu and Schreder, G{\"u}nther and Mayr, Eva},
    journal = {Open Library of Humanities},
    volume = {4},
    number = {2},
    year = {2018},
    publisher = {Open Library of Humanities}
}
@inproceedings{song2021visualization,
    title = {The Visualization Representation of Space-Time-Path in The Space-Time-Cube},
    author = {Song, Bingbing and Wang, Yanlin and Li, Fang},
    booktitle = {IOP Conference Series: Earth and Environmental Science},
    volume = {906},
    number = {1},
    pages = {012030},
    year = {2021},
    organization = {IOP Publishing}
}
@book{bertin1983semiology,
    title = {Semiology of graphics},
    author = {Bertin, Jacques},
    year = {1983},
    publisher = {University of Wisconsin press}
}
@article{mayr2019visualizing,
    title = {Visualizing biographical trajectories by historical artifacts: a case study based on the photography collection of charles w. cushman},
    author = {Mayr, Eva and Salisu, Saminu and Filipov, Velitchko A and Schreder, G{\"u}nther and Leite, Roger A and Miksch, Silvia and Windhager, Florian},
    journal = {Proceedings of the BD},
    year = {2019}
}
@online{angular,
    author = {Google},
    title = {{Introduction to the Angular docs}},
    url = {https://angular.io/docs},
    note = {Last accessed: 17.02.2023}
}
@article{murray2018ng,
    title = {ng-book},
    author = {Murray, Nate and Coury, Felipe and Lerner, Ari and Taborda, Carlos},
    journal = {The complete guide to Angular. Fullstack. io},
    year = {2018}
}
@online{threejsdocs,
    author = {MIT},
    title = {{Creating a scene - Three.js docs}},
    url = {https://threejs.org/docs/index.html#manual/en/introduction/Creating-a-scene},
    note = {Last accessed: 17.02.2023}
}
@book{dirksen2013learning,
    title = {Learning Three. js: the JavaScript 3D library for WebGL},
    author = {Dirksen, Jos},
    year = {2013},
    publisher = {Packt Publishing Ltd}
}
@online{webapismdnwebxr,
    author = {MDN Web Docs},
    title = {{WebXR device API - web apis: MDN}},
    url = {https://developer.mozilla.org/en-US/docs/Web/API/WebXR_Device_API},
    note = {Last accessed: 17.02.2023}
}
@article{baruah2021ar,
    title = {AR and VR using the WebXR API},
    author = {Baruah, Rakesh},
    journal = {DOI: Google Scholar Google Scholar Cross Ref Cross Ref},
    year = {2021},
    publisher = {Springer}
}
@online{springframework,
    author = {{VMware, Inc.}},
    title = {{Spring Framework Overview}},
    url = {https://docs.spring.io/spring-framework/docs/current/reference/html/overview.html#overview},
    note = {Last accessed: 17.02.2023}
}
@article{johnson2004spring,
    title = {The spring framework--reference documentation},
    author = {Johnson, Rod and Hoeller, Juergen and Donald, Keith and Sampaleanu, Colin and Harrop, Rob and Risberg, Thomas and Arendsen, Alef and Davison, Darren and Kopylenko, Dmitriy and Pollack, Mark and others},
    journal = {interface},
    volume = {21},
    pages = {27},
    year = {2004}
}
@book{walls2022spring,
    title = {Spring in action},
    author = {Walls, Craig},
    year = {2022},
    publisher = {Simon and Schuster}
}
@online{introtospringframework,
    author = {{VMware, Inc.}},
    title = {{Introduction to the Spring Framework - 1.2 Modules}},
    url = {https://docs.spring.io/spring-framework/docs/3.0.0.M4/reference/html/ch01s02.html},
    note = {Last accessed: 17.02.2023}
}
@article{o2018practical,
    title={A practical approach to measuring user engagement with the refined user engagement scale (UES) and new UES short form},
    author={O’Brien, Heather L and Cairns, Paul and Hall, Mark},
    journal={International Journal of Human-Computer Studies},
    volume={112},
    pages={28--39},
    year={2018},
    publisher={Elsevier}
}